<?xml version="1.0" encoding="UTF-8"?><collection xmlns="http://www.loc.gov/MARC21/slim"><record><leader>00341nam--2200133-i-4500</leader><controlfield tag="001">000002524</controlfield><controlfield tag="002">20161230</controlfield><controlfield tag="005">20161230201025</controlfield><controlfield tag="008">060222s1000------------r-----000-0-eng-d</controlfield><datafield ind1=" " ind2=" " tag="080"><subfield code="a">9299:51:5 3(092)(01)</subfield></datafield><datafield ind1=" " ind2=" " tag="100"><subfield code="a">Da C.Andrade, E.N</subfield></datafield><datafield ind1=" " ind2=" " tag="245"><subfield code="a">Sir isaac newton</subfield></datafield><datafield ind1=" " ind2=" " tag="260"><subfield code="a">New York, Doubleday And Company, Inc., 1958 140 P</subfield></datafield><datafield ind1=" " ind2=" " tag="852"><subfield code="a">79897</subfield></datafield></record></collection>